% This file was created with JabRef 2.9.2.
% Encoding: Cp1252

@INPROCEEDINGS{Bradley2011,
  author = {Bradley, Aaron R},
  title = {SAT-based model checking without unrolling},
  booktitle = {Verification, Model Checking, and Abstract Interpretation},
  year = {2011},
  pages = {70--87},
  organization = {Springer}
}

@INPROCEEDINGS{Bradley2007,
  author = {Bradley, Aaron R and Manna, Zohar},
  title = {Checking safety by inductive generalization of counterexamples to
	induction},
  booktitle = {Formal Methods in Computer Aided Design, 2007. FMCAD'07},
  year = {2007},
  pages = {173--180},
  organization = {IEEE}
}

@INPROCEEDINGS{Hassan2013,
  author = {Hassan, Zyad and Bradley, Aaron R and Somenzi, Fabio},
  title = {Better generalization in IC3},
  booktitle = {Formal Methods in Computer-Aided Design (FMCAD), 2013},
  year = {2013},
  pages = {157--164},
  organization = {IEEE}
}

